@book{weidman,
    title = {Deep Learning from Scratch},
    author = {Seth Weidman},
    isbn = {9781492041412},
    year = {2019},
    publisher = {O'Reilly Media}
}

@book{burkov,
    title = {The Hundred-Page Machine Learning Book},
    author = {Andriy Burkov},
    isbn = {978-1999579500},
    year = {2019},
    publisher = {Andriy Burkov}
}

@book{james,
  added-at = {2019-10-12T20:03:56.000+0200},
  author = {James, Gareth and Witten, Daniela and Hastie, Trevor and Tibshirani, Robert},
  biburl = {https://www.bibsonomy.org/bibtex/2444186c86d18bddb4433c12fa126f6be/lopusz_kdd},
  interhash = {b3febabdc45a8629023cee7323dfbd86},
  intrahash = {444186c86d18bddb4433c12fa126f6be},
  keywords = {general_machine_learning},
  publisher = {Springer},
  timestamp = {2019-10-12T23:45:37.000+0200},
  title = {An Introduction to Statistical Learning: with Applications in R },
  url = {https://faculty.marshall.usc.edu/gareth-james/ISL/},
  year = 2013
}

@book{géron,
    title = {Praxiseinstieg Machine Learning mit Scikit-Learn und TensorFlow},
    author = {Aurélien Géron},
    isbn = {978-3-96009-061-8},
    year = {2018},
    publisher = {O'Reilly}
}

@misc{tensorflow2015-whitepaper,
	title={ {TensorFlow}: Large-Scale Machine Learning on Heterogeneous Systems},
	url={https://www.tensorflow.org/},
	author={
	Mart\'{i}n~Abadi,
	Ashish~Agarwal},
	year={2015},
}

@misc{jupyter,
	title = {Project Jupyter Documentation},
	howpublished = {\url{https://docs.jupyter.org/en/latest/}},
	note = {Accessed: 2023-06-01}
}

@book{tukey,
	author = {Tukey, John W.},
	citeulike-article-id = {107137},
	publisher = {Addison-Wesley},
	title = {Exploratory Data Analysis},
	year = 1977
}

@misc{pandas,
	title = {pandas documentation},
	howpublished = {\url{https://pandas.pydata.org/docs/}},
	note = {Accessed: 2023-06-01}
}

@misc{matplotlib,
	title = {Matplotlib documentation},
	howpublished = {\url{https://matplotlib.org/stable/index.html}},
	note = {Accessed: 2023-06-01}
}


